        @inproceedings{Winter:2006,
             author = {De Winter, D. and Simoens, P. and Deboosere, L. and De Turck, F. and Moreau, J. and Dhoedt, B. and Demeester, P.},
             title = {A hybrid thin-client protocol for multimedia streaming and interactive gaming applications},
             booktitle = {Proceedings of the 2006 international workshop on Network and operating systems support for digital audio and video},
             series = {NOSSDAV '06},
             year = {2006},
             isbn = {1-59593-285-2},
             location = {Newport, Rhode Island},
             pages = {15:1--15:6},
             articleno = {15},
             numpages = {6},
             url = {http://doi.acm.org/10.1145/1378191.1378210},
             doi = {http://doi.acm.org/10.1145/1378191.1378210},
             acmid = {1378210},
             publisher = {ACM},
             address = {New York, NY, USA},
        }

        @article{Jurgelionis:2009,
             author = {Jurgelionis, A. and Fechteler, P. and Eisert, P. and Bellotti, F. and David, H. and Laulajainen, J. P. and Carmichael, R. and Poulopoulos, V. and Laikari, A. and Per\"{a}l\"{a}, P. and De Gloria, A. and Bouras, C.},
             title = {Platform for distributed 3D gaming},
             journal = {Int. J. Comput. Games Technol.},
             issue_date = {January 2009},
             volume = {2009},
             month = {January},
             year = {2009},
             issn = {1687-7047},
             pages = {1:1--1:15},
             articleno = {1},
             numpages = {15},
             url = {http://dx.doi.org/10.1155/2009/231863},
             doi = {http://dx.doi.org/10.1155/2009/231863},
             acmid = {1595407},
             publisher = {Hindawi Publishing Corp.},
             address = {New York, NY, United States},
        }

        @inproceedings{Jurgelionis:2010,
             author = {Jurgelionis, Audrius and Bellotti, Francesco and Gloria, Alessandro De and Laulajainen, Jukka-Pekka and Fechteler, Philipp and Eisert, Peter and David, Haggai},
             title = {Testing Cross-Platform Streaming of Video Games over Wired and Wireless LANs},
             booktitle = {Proceedings of the 2010 IEEE 24th International Conference on Advanced Information Networking and Applications Workshops},
             series = {WAINA '10},
             year = {2010},
             isbn = {978-0-7695-4019-1},
             pages = {1053--1058},
             numpages = {6},
             url = {http://dx.doi.org/10.1109/WAINA.2010.186},
             doi = {http://dx.doi.org/10.1109/WAINA.2010.186},
             acmid = {1829774},
             publisher = {IEEE Computer Society},
             address = {Washington, DC, USA},
             keywords = {video and 3D streaming, interactive entertainment, testing and evaluation, Gaming on Demand, distributed and cloud computing},
        }

        @inproceedings{Karachristos:2008,
             author = {Karachristos, Theofilos and Apostolatos, Dimitrios and Metafas, Dimitrios},
             title = {A real-time streaming games-on-demand system},
             booktitle = {Proceedings of the 3rd international conference on Digital Interactive Media in Entertainment and Arts},
             series = {DIMEA '08},
             year = {2008},
             isbn = {978-1-60558-248-1},
             location = {Athens, Greece},
             pages = {51--56},
             numpages = {6},
             url = {http://doi.acm.org/10.1145/1413634.1413648},
             doi = {http://doi.acm.org/10.1145/1413634.1413648},
             acmid = {1413648},
             publisher = {ACM},
             address = {New York, NY, USA},
             keywords = {capturing, encoding, games-on-demand, real-time, streaming},
        }


        @article{
           ref:AdabalaA03,
           title = "Visualization of woven cloth",
           author = "Adabala, N. and Magnenat-Thalmann, N. and Fei, G.",
           journal = "In Proceedings of the 14th Eurographics Workshop on Rendering (ACM International Conference Proceeding Series)",
           year = "2003",
           volume = "44",
           pages = "178--185"
        }

        @article{
           ref:AdabalaB03,
           title = "Real-time rendering of woven clothes",
           author = "Adabala, N. and Magnenat-Thalmann, N. and Fei, G.",
           journal = "In Proceedings of the ACM Symposium on Virtual Reality Software and Technology",
           year = "2003",
           pages = "41--47"
        }

        @article{
           ref:Ashikhmin00,
           title = "A microfacet-based BRDF generator",
           author = "Ashikhmin, M. and Premoze, S. and Shirley, P.",
           journal = "In Proceedings of ACM SIGGRAPH 2000",
           year = "2000",
           pages = "65--74"
        }

        @article{
           ref:Perlin85,
           title = "A image synthesizer",
           author = "Perlin, K.",
           journal = "Computer Graphics (SIGGRAPH'85 Proceedings)",
           year = "1985",
           pages = "297--296"
        }

        @article{
           ref:Ashikhmin02,
           title = "An anisotropic Phong BRDF model",
           author = "Ashikhmin, M. and Shirley, P.",
           journal = "Journal of Graphics Tools",
           year = "2002",
           volume = "5",
           number = "2",
           pages = "25--32"
        }

        @article{
           ref:Blinn76,
           title = "Texture and reflection in computer generated images",
           author = "Blinn J. and Newell M.",
           journal = "Communication of ACM",
           year = "1976",
           volume = "19",
           number = "10",
           pages = "542--547"
        }

        @article{
           ref:Cook81,
           title = "A reflectance model for computer graphics",
           author = "Cook, R. L. and Torrance, K. E.",
           journal = "Computer Graphics (ACM Siggraph ¡¯'81 Conference Proceedings)",
           year = "1981",
           volume = "15",
           number = "3",
           pages = "307--316"
        }

        @article{
           ref:Dana99,
           title = "Reflectance and texture of real-world surfaces",
           author = "Dana, K. J. and Nayar, S. K. and Van Ginneken, B. and Koenderink, J. J.",
           journal = "ACM Transactions on Graphics",
           year = "1999",
           volume = "18",
           number = "1",
           pages = "1--34"
        }

        @article{
           ref:Daubert01,
           title = "Effcient cloth modeling and rendering",
           author = "Daubert, K. and Lensch, H. P. A. and Heindrich, W. and Seidel, H.-P.",
           journal = "In Rendering Techniques 2001: Proc. 12th Eurographics Workshop on Rendering",
           year = "2001",
           pages = "63--70"
        }

        @article{
           ref:Daubert02,
           title = "Hardware-based volumetric knit-wear",
           author = "Daubert, K. and Seidel, H.-P.",
           journal = "Computer Graphics Forum (Eurographics 2002 Proceedings)",
           year = "2002",
           volume = "21",
           pages = "575--584"
        }

        @article{
           ref:Groeller95,
           title = "Modeling and visualization of knitwear",
           author = "Groeller, E. and Rau, R. and Strasser, W.",
           journal = "In IEEE Transactions on Visualization and Compute Graphics",
           year = "1995",
           pages = "302--310"
        }

        @article{
           ref:Groeller96,
           title = "Modeling textile as three dimensional texture",
           author = "Groeller, E. and Rau, R. and Strasser, W.",
           journal = "In Rendering Techniques 1996: Proc. 7th Eurographics Workshop on Rendering",
           year = "1996",
           pages = "205--214"
        }

        @article{
           ref:Lawrence06,
           title = "Inverse shade trees for non-parametric material representation and editing",
           author = "Lawrence, J. and Ben-Artzi, A. and Decoro, C. and Matusik, W. and Pfister, H. and Ramamoorthi, R. and Rusinkiewicz, S.",
           journal = "ACM Transactions on Graphics",
           year = "2006",
           volume = "25",
           number = "3",
           pages = "735--745"
        }

        @article{
           ref:McAllister02,
           title = "Efficient rendering of spatial bi-directional reflectance distribution functions",
           author = "McAllister, D. K. and Lastra, A. A. and Heidrich, W.",
           journal = "In Proceedings of the 17th Eurographics/ SIGGRAPH workshop on graphics hardware (EGGH-02)",
           year = "2002",
           pages = "79--88"
        }

        @article{
           ref:Meissner98,
           title = "The art of knitted fabrics, realistic and physically based modeling of knitted patterns",
           author = "Meissner, M. and Eberhardt, B.",
           journal = "Computer Graphics Forum (Eurographics 1998 Proceedings)",
           year = "1998",
           pages = "355--362"
        }


        @article{
           ref:Sattler03,
           title = "Efficient and realistic visualization of cloth",
           author = "Sattler, M. and Sarlette, R. and Klein, R.",
           journal = "EGRW '03: Proceedings of the 14th Eurographics workshop on Rendering",
           year = "2003",
           pages = "167--177"
        }

        @article{
           ref:Sloan00,
           title = "Interactive horizon mapping",
           author = "Sloan, P.-P. and Cohen, M. F.",
           journal = "In Proceedings of the Eurographics Workshop on Rendering Techniques 2000",
           year = "2000",
           pages = "281--286"
        }

        @article{
           ref:Torrance67,
           title = "Theory for off-specular reflection from roughened surfaces",
           author = "Torrance, K. E. and Sparrow, E. M.",
           journal = "Journal of Optical Society of America",
           year = "1967",
           volume = "57",
           number = "9",
        }

        @article{
           ref:Wang08,
           title = "Modeling anisotropic surface reflectance with example-based microfacet synthesis",
           author = "Wang J. and Zhao S. and Tong X. and Synder J. and Guo B.",
           journal = "ACM Transactions on Graphics (SIGGRAPH 2008)",
           year = "2008",
           volume = "27",
           number = "3",
           pages = "41:1--41:9"
        }

        @article{
           ref:Xu01,
           title = "Photorealistic rendering of knitwear using the lumislice",
           author = "Xu, Y. and Lin, Y. C. S. and Zhong, H. and Wu, E. and Guo, B. and Shum, H.",
           journal = "In Proceedings of SIGGRAPH 2001",
           year = "2001",
           pages = "391--398"
        }

        @article{
           ref:Yasuda92,
           title = "A Shading model for cloth objects",
           author = "Yasuda, T. and Yokoi S. and Toriwaki J. and Inagaki K.",
           journal = "IEEE Computer Graphics and Applications",
           year = "1992",
           volume = "12",
           number = "6",
           pages = "15--24"
        }

        @article{
           ref:Zinke07,
           title = "Light Scattering from Filaments",
           author = "Zinke, A. and Weber, A.",
           journal = "IEEE Transactions on Visualization and Computer Graphics",
           year = "2007",
           volume = "13",
           number = "2",
           pages = "342--356"
        }

        @phdthesis{ref:Irawan08,
        author = {Irawan, Piti},
        note = {Adviser-Marschner, Stephen R.},
        title = {Appearance of woven cloth},
        year = {2008},
        isbn = {978-0-549-42291-4},
        order_no = {AAI3295837},
        publisher = {Cornell University},
        address = {Ithaca, NY, USA},
        }
