        @article{FOWLER:2013,
             author = {Pramod J. Sadalage and Martin Fowler},
             title = {NoSQL Distilled; A Brief Guide to the Emerging World of Polyglot Persistence},
             month = {June},
	  publisher = {Pearson Education, Inc},
             year = {2013}
        }

        @article{hortonworks,
             author = {Bikas Saha},
             title = {Tez Design},
             month = {September},
             year = {2013},
	  publisher = {Hortonworks Blog}
        }

        @article{Saha:2013-01,
             author = {Bikas Saha and  Hortonworks Blog},
             title = {Apache Tez: A New Chapter in Hadoop Data Processing},
             month = {September},
             year = {2013},
	  publisher = {Hortonworks Blog},
             url = {http://hortonworks.com/blog/apache-tez-a-new-chapter-in-hadoop-data-processing/}
        }

        @article{Saha:2013-02,
             author = {Hortonworks Blog and  Bikas Saha},
             title = {Data Processing API in Apache Tez},
             month = {September},
             year = {2013},
	  publisher = {Hortonworks Blog},
             url = {http://hortonworks.com/blog/expressing-data-processing-in-apache-tez/}
        }

        @article{Saha:2013-03,
             author = {Bikas Saha and  Hortonworks Blog},
             title = {Runtime API in Apache Tez},
             month = {September},
             year = {2013},
	  publisher = {Hortonworks Blog},
             url = {http://hortonworks.com/blog/task-api-apache-tez/}
        }

        @article{Saha:2013-04,
             author = {Hortonworks Blog and  Bikas Saha},
             title = {Writing a Tez Input/Processor/Output},
             month = {October},
             year = {2013},
	  publisher = {Hortonworks Blog},
             url = {http://hortonworks.com/blog/writing-a-tez-inputprocessoroutput-2/}
        }

        @article{Saha:2013-05,
             author = {Bikas Saha and  Hortonworks Blog},
             title = {Apache Tez: Dynamic Graph Reconfiguration},
             month = {October},
             year = {2013},
	  publisher = {Hortonworks Blog},
             url = {http://hortonworks.com/blog/apache-tez-dynamic-graph-reconfiguration/}
        }

        @article{Saha:2013-06,
             author = {Hortonworks and  Bikas Saha},
             title = {Reusing containers in Apache Tez},
             month = {October},
             year = {2013},
	  publisher = {Hortonworks Blog},
             url = {http://hortonworks.com/blog/re-using-containers-in-apache-tez/}
        }

        @article{Saha:2013-07,
             author = {Bikas Saha and  Hortonworks Blog},
             title = {Introducing Tez Sessions},
             month = {November},
             year = {2013},
	  publisher = {Hortonworks Blog},
             url = {http://hortonworks.com/blog/introducing-tez-sessions/}
        }