@inproceedings{Shvachko:2010,
	 author = {Shvachko, Konstantin and Kuang, Hairong and Radia, Sanjay and Chansler, Robert},
	 title = {The Hadoop Distributed File System},
	 booktitle = {Proceedings of the 2010 IEEE 26th Symposium on Mass Storage Systems and Technologies (MSST)},
	 series = {MSST '10},
	 year = {2010},
	 isbn = {978-1-4244-7152-2},
	 pages = {1--10},
	 numpages = {10},
	 url = {http://dx.doi.org/10.1109/MSST.2010.5496972},
	 doi = {10.1109/MSST.2010.5496972},
	 acmid = {1914427},
	 publisher = {IEEE Computer Society},
	 address = {Washington, DC, USA},
} 
@book{Silberschatz:2010,
 author = {Silberschatz, Abraham and Korth, Henry F. and Sudarshan, S.},
 title = {Database Systems Concepts},
 year = {2010},
 edition = {6th},
 publisher = {McGraw-Hill Higher Education},
} 

@book{zsu:2011,
 	author = {zsu, M. Tamer and Valduriez, Patrick},
 	title = {Principles of Distributed Database Systems},
 	year = {2011},
 	isbn = {1441988335, 9781441988331},
 	edition = {3rd},
 	publisher = {Springer Publishing Company, Incorporated},
} 

@book{carloDB:2011,
 	author = {Carlos Coronel, Steven Morris, and Peter Rob},
 	title = {Database Systems: Design, Implementation, and Management, Ninth Edition},
 	year = {2011},
 	edition = {9th},
 	publisher = {Cengage Learning},
} 

@inproceedings{Ghemawat:2003:GFS,
 author = {Ghemawat, Sanjay and Gobioff, Howard and Leung, Shun-Tak},
 title = {The Google File System},
 booktitle = {Proceedings of the Nineteenth ACM Symposium on Operating Systems Principles},
 series = {SOSP '03},
 year = {2003},
 isbn = {1-58113-757-5},
 location = {Bolton Landing, NY, USA},
 pages = {29--43},
 numpages = {15},
 url = {http://doi.acm.org/10.1145/945445.945450},
 doi = {10.1145/945445.945450},
 acmid = {945450},
 publisher = {ACM},
 address = {New York, NY, USA},
 keywords = {clustered storage, data storage, fault tolerance, scalability},
} 

@article{Ghem:2003:GFS,
 author = {Ghemawat, Sanjay and Gobioff, Howard and Leung, Shun-Tak},
 title = {The Google File System},
 journal = {SIGOPS Oper. Syst. Rev.},
 issue_date = {December 2003},
 volume = {37},
 number = {5},
 month = oct,
 year = {2003},
 issn = {0163-5980},
 pages = {29--43},
 numpages = {15},
 url = {http://doi.acm.org/10.1145/1165389.945450},
 doi = {10.1145/1165389.945450},
 acmid = {945450},
 publisher = {ACM},
 address = {New York, NY, USA},
 keywords = {clustered storage, data storage, fault tolerance, scalability},
} 

@ARTICLE{bowman:reasoning,
	AUTHOR = "Mic Bowman and Saumya K. Debray and Larry L. Peterson",
	TITLE = "Reasoning About Naming Systems",
	JOURNAL = "ACM Trans. Program. Lang. Syst.",
	VOLUME = {15},
	NUMBER = {5},
	PAGES = {795-825},
	MONTH = "November",
	YEAR = {1993}	}

@ARTICLE{braams:babel,
	AUTHOR = "Johannes Braams",
	TITLE = "Babel, a Multilingual Style-Option System for Use with LaTeX's Standard Document Styles",
	JOURNAL = {TUGboat},
	VOLUME = {12},
	NUMBER = {2},
	PAGES = {291-301},
	MONTH = "June",
	YEAR = {1991}	}

@INPROCEEDINGS{clark:pct,
	AUTHOR = "Malcolm Clark",
	TITLE = "Post Congress Tristesse",
	BOOKTITLE = "TeX90 Conference Proceedings",
	PAGES = "84-89",
	ORGANIZATION = "TeX Users Group",
	MONTH = "March", 
	YEAR = {1991}	}

@ARTICLE{herlihy:methodology,
	AUTHOR = "Maurice Herlihy",
	TITLE = "A Methodology for Implementing Highly Concurrent
	Data Objects",
	JOURNAL = {ACM Trans. Program. Lang. Syst.},
	VOLUME = {15},
	NUMBER = {5},
	PAGES = {745-770},
	MONTH = "November",
	YEAR = {1993}	}

@BOOK{Reeves:DW,
	AUTHOR = "Laura L. Reeves",
	TITLE = "A Managerâ€™s Guide to Data Warehousing",
	PUBLISHER = "Wiley Publishing, Inc.",
	ADDRESS = "Crosspoint Boulevard",
	YEAR = "2009"	}

@BOOK{Thomas:DW,
	AUTHOR = "THOMAS M. CONNOLLY and CAROLYN E. BEGG",
	TITLE = "Database Systems, A Practical Approach to Design, Implementation, and Management, Fourth Edition",
	PUBLISHER = "Pearson Education Limited",
	ADDRESS = "Edinburgh Gate",
	YEAR = "2005"}
	
@BOOK{Lamport:LaTeX,
	AUTHOR = "Leslie Lamport",
	TITLE = "LaTeX User's Guide and Document Reference Manual",
	PUBLISHER = "Addison-Wesley Publishing Company",
	ADDRESS = "Reading, Massachusetts",
	YEAR = "1986"	}

@BOOK{salas:calculus,
	AUTHOR = "S.L. Salas and Einar Hille",
	TITLE = "Calculus: One and Several Variable",
	PUBLISHER = "John Wiley and Sons",
	ADDRESS = "New York",
	YEAR = "1978"	}





