\begin{thebibliography}{22}
\providecommand{\natexlab}[1]{#1}
\providecommand{\url}[1]{\texttt{#1}}
\providecommand{\urlprefix}{}

\bibitem[{Rub(2009)}]{RubyOpenCL:2009}
{Ruby-OpenCL: A Ruby binding of OpenCL} (Oct 2009),
  \urlprefix\url{http://ruby-opencl.rubyforge.org}

\bibitem[{Jav(2011)}]{JavaCL:2011}
{JavaCL} (Aug 2011), \urlprefix\url{https://code.google.com/p/javacl/}

\bibitem[{Apa(2012)}]{AparapiAPI:2012}
{Aparapi API for data parallel Java} (Feb 2012),
  \urlprefix\url{https://code.google.com/p/aparapi/}

\bibitem[{had(2014)}]{hadoop:2014}
{Apache Hadoop} (2014), \urlprefix\url{http://hadoop.apache.org}

\bibitem[{gre(2014)}]{green500:2014}
{The Green500 List - November 2014} (Nov 2014),
  \urlprefix\url{http://www.green500.org/news/green500-list-november-2014}

\bibitem[{Apa(2015)}]{AparapiUCores:2015}
{Aparapi for Unconventional Cores.} (Feb 2015),
  \urlprefix\url{https://gitlab.com/mora/aparapi-ucores}

\bibitem[{Spa(2015)}]{SparkCL:2015}
{Spark for Unconventional Cores (SparkCL)} (2015),
  \urlprefix\url{https://gitlab.com/mora/spark-ucores}

\bibitem[{tio(2015)}]{tiode:2015}
{TIOBE Software} (2015), \urlprefix\url{http://www.tiobe.com}

\bibitem[{Basaran and Kang(2013)}]{Basaran:2013}
Basaran, C., Kang, K.D.: {Grex: An Efficient MapReduce Framework for Graphics
  Processing Units}.
\newblock J. Parallel Distrib. Comput. 73(4), 522--533 (Apr 2013)

\bibitem[{Canny(2014)}]{John:2014}
Canny, J.: {Interactive Machine Learning}.
\newblock University of California, Berkeley  (2014)

\bibitem[{Chalamalasetti et~al.(2012)Chalamalasetti, Margala, Vanderbauwhede,
  Wright, and Ranganathan}]{Chalamalasetti:2012}
Chalamalasetti, S., Margala, M., Vanderbauwhede, W., Wright, M., Ranganathan,
  P.: {Evaluating FPGA-acceleration for Real-time Unstructured Search}.
\newblock In: Proceedings of the 2012 IEEE International Symposium on
  Performance Analysis of Systems \& Software. pp. 200--209. ISPASS '12, IEEE
  Computer Society (2012)

\bibitem[{Chung et~al.(2010)Chung, Milder, Hoe, and Mai}]{Chung:2010}
Chung, E.S., Milder, P.A., Hoe, J.C., Mai, K.: {Single-Chip Heterogeneous
  Computing: Does the Future Include Custom Logic, FPGAs, and GPGPUs?}
\newblock In: Proceedings of the 2010 43rd Annual IEEE/ACM International
  Symposium on Microarchitecture. pp. 225--236. MICRO '43, IEEE Computer
  Society (2010)

\bibitem[{Dongarra and et. al(2011)}]{Dongarra:2011}
Dongarra, J., et. al: {The International Exascale Software Project Roadmap}.
\newblock Int. J. High Perform. Comput. Appl. 25(1), 3--60 (Feb 2011),
  \urlprefix\url{http://dx.doi.org/10.1177/1094342010391989}

\bibitem[{Gan et~al.(2013)Gan, Fu, Luk, Yang, Xue, Huang, Zhang, and
  Yang}]{Gan:2013}
Gan, L., Fu, H., Luk, W., Yang, C., Xue, W., Huang, X., Zhang, Y., Yang, G.:
  {Accelerating solvers for global atmospheric equations through
  mixed-precision data flow engine}.
\newblock In: Proceedings of the 2013 23rd International Conference on Field
  Programmable Logic and Applications (FPL). pp. 1--6. FPL '13, IEEE Computer
  Society (2013)

\bibitem[{Group(2011)}]{opencl:2011}
Group, K.O.W.: {OpenCL-The open standard for parallel programming of
  heterogeneous systems} (2011), \urlprefix\url{http://www. khronos.
  org/opencl}

\bibitem[{He et~al.(2008)He, Fang, Luo, Govindaraju, and Wang}]{He:2008}
He, B., Fang, W., Luo, Q., Govindaraju, N.K., Wang, T.: {Mars: A MapReduce
  Framework on Graphics Processors}.
\newblock In: Proceedings of the 17th International Conference on Parallel
  Architectures and Compilation Techniques. pp. 260--269. PACT '08, ACM (2008)

\bibitem[{Huang et~al.(2009)Huang, Xiao, and Feng}]{Huang:2009}
Huang, S., Xiao, S., Feng, W.: {On the Energy Efficiency of Graphics Processing
  Units for Scientific Computing}.
\newblock In: Proceedings of the 2009 IEEE International Symposium on Parallel
  \& Distributed Processing. pp. 1--8. IPDPS '09, IEEE Computer Society (2009)

\bibitem[{McConnell(1993)}]{McConnell:1993}
McConnell, S.: {Code Complete: A Practical Handbook of Software Construction}.
\newblock Microsoft Press (1993)

\bibitem[{Segal et~al.(2014{\natexlab{a}})Segal, Margala, Chalamalasetti, and
  Wright}]{Segal:2014}
Segal, O., Margala, M., Chalamalasetti, S., Wright, M.: {High level programming
  framework for FPGAs in the data center}.
\newblock In: Proceedings of the 2014 24th International Conference on Field
  Programmable Logic and Applications (FPL). pp. 1--4. FPL '14, IEEE Computer
  Society (2014{\natexlab{a}})

\bibitem[{Segal et~al.(2014{\natexlab{b}})Segal, Margala, Chalamalasetti, and
  Wright}]{SegalMCW14}
Segal, O., Margala, M., Chalamalasetti, S.R., Wright, M.: {High Level
  Programming for Heterogeneous Architectures}.
\newblock CoRR abs/1408.4964 (2014{\natexlab{b}})

\bibitem[{Shalf et~al.(2011)Shalf, Dosanjh, and Morrison}]{Shalf:2010}
Shalf, J., Dosanjh, S., Morrison, J.: {Exascale Computing Technology
  Challenges}.
\newblock In: Proceedings of the 9th International Conference on High
  Performance Computing for Computational Science. pp. 1--25. VECPAR'10,
  Springer-Verlag (2011)

\bibitem[{Zaharia et~al.(2010)Zaharia, Chowdhury, Franklin, Shenker, and
  Stoica}]{Zaharia:2010}
Zaharia, M., Chowdhury, M., Franklin, M.J., Shenker, S., Stoica, I.: {Spark:
  Cluster Computing with Working Sets}.
\newblock In: Proceedings of the 2Nd USENIX Conference on Hot Topics in Cloud
  Computing. pp. 10--10. HotCloud'10, USENIX Association (2010)

\end{thebibliography}
