


@inproceedings{Thusoo:2010,
 author = {A. Thusoo and J. S. Sarma and N. Jain and Z. Shao and P. Chakka and N. Zhang and S. Anthony and H. Liu, and R. Murthy},
 title = {{Hive - A Petabyte Scale Data Warehouse Using Hadoop}},
 booktitle = {Proceedings of the 2010 IEEE International Conference on Data Engineering},
 series = {ICDE '10},
 year = {2010},
 publisher = {IEEE Computer Society},
}

@inproceedings{Huai:2014,
 author = {Huai, Yin and Chauhan, Ashutosh and Gates, Alan and Hagleitner, Gunther and Hanson, Eric N. and O'Malley, Owen and Pandey, Jitendra and Yuan, Yuan and Lee, Rubao and Zhang, Xiaodong},
 title = {{Major Technical Advancements in Apache Hive}},
 booktitle = {Proceedings of the 2014 ACM SIGMOD International Conference on Management of Data},
 series = {SIGMOD '14},
 year = {2014},
 pages = {1235--1246},
 publisher = {ACM},
}


@article{Friedman:2009,
 author = {Friedman, Eric and Pawlowski, Peter and Cieslewicz, John},
 title = {{SQL/MapReduce: A Practical Approach to Self-describing, Polymorphic, and Parallelizable User-defined Functions}},
 journal = {Proc. VLDB Endow.},
 volume = {2},
 number = {2},
 month = aug,
 year = {2009},
 pages = {1402--1413},
 publisher = {VLDB Endowment},
} 



@inproceedings{Reiss:2012,
 author = {Reiss, Charles and Tumanov, Alexey and Ganger, Gregory R. and Katz, Randy H. and Kozuch, Michael A.},
 title = {{Heterogeneity and Dynamicity of Clouds at Scale: Google Trace Analysis}},
 booktitle = {Proceedings of the Third ACM Symposium on Cloud Computing},
 series = {SoCC '12},
 year = {2012},
 pages = {7:1--7:13},
 publisher = {ACM},
}  

@inproceedings{Zhang:2013,
 author = {Zhang, Xiao and Tune, Eric and Hagmann, Robert and Jnagal, Rohit and Gokhale, Vrigo and Wilkes, John},
 title = {{CPI2: CPU Performance Isolation for Shared Compute Clusters}},
 booktitle = {Proceedings of the 8th ACM European Conference on Computer Systems},
 series = {EuroSys '13},
 year = {2013},
 pages = {379--391},
 publisher = {ACM},
} 

@inproceedings{Isard:2009,
 author = {Isard, Michael and Prabhakaran, Vijayan and Currey, Jon and Wieder, Udi and Talwar, Kunal and Goldberg, Andrew},
 title = {{Quincy: Fair Scheduling for Distributed Computing Clusters}},
 booktitle = {Proceedings of the ACM SIGOPS 22Nd Symposium on Operating Systems Principles},
 series = {SOSP '09},
 year = {2009},
 pages = {261--276},
 publisher = {ACM},
} 

@inproceedings{Krompass:2009,
 author = {Krompass, Stefan and Kuno, Harumi and Wiener, Janet L. and Wilkinson, Kevin and Dayal, Umeshwar and Kemper, Alfons},
 title = {{Managing Long-running Queries}},
 booktitle = {Proceedings of the 12th International Conference on Extending Database Technology: Advances in Database Technology},
 series = {EDBT '09},
 year = {2009},
 pages = {132--143},
 publisher = {ACM},
} 

@inproceedings{Lim:2010,
 author = {Lim, Harold C. and Babu, Shivnath and Chase, Jeffrey S.},
 title = {{Automated Control for Elastic Storage}},
 booktitle = {Proceedings of the 7th International Conference on Autonomic Computing},
 series = {ICAC '10},
 year = {2010},
 pages = {1--10},
 publisher = {ACM},
} 

@inproceedings{Powley:2008,
 author = {Powley, Wendy and Martin, Pat and Bird, Paul},
 title = {{DBMS Workload Control Using Throttling: Experimental Insights}},
 booktitle = {Proceedings of the 2008 Conference of the Center for Advanced Studies on Collaborative Research: Meeting of Minds},
 series = {CASCON '08},
 year = {2008},
 pages = {1:1--1:13},
 publisher = {ACM},
} 

@article{Pang:1995,
 author = {Pang, HweeHwa and Carey, Michael J. and Livny, Miron},
 title = {{Multiclass Query Scheduling in Real-Time Database Systems}},
 journal = {IEEE Trans. on Knowl. and Data Eng.},
 volume = {7},
 number = {4},
 month = aug,
 year = {1995},
 pages = {533--551},
 publisher = {IEEE Educational Activities Department},
} 


@article{Sakr:2013,
 author = {Sakr, Sherif and Liu, Anna and Fayoumi, Ayman G.},
 title = {{The Family of Mapreduce and Large-scale Data Processing Systems}},
 journal = {ACM Comput. Surv.},
 volume = {46},
 number = {1},
 month = jul,
 year = {2013},
 pages = {11:1--11:44},
 publisher = {ACM},
}

@article{Doulkeridis:2014,
 author = {Doulkeridis, Christos and N\Orv{\aa}g, Kjetil},
 title = {{A Survey of Large-scale Analytical Query Processing in MapReduce}},
 journal = {The VLDB Journal},
 volume = {23},
 number = {3},
 month = jun,
 year = {2014},
 pages = {355--380},
 publisher = {Springer-Verlag New York, Inc.},
} 



@inproceedings{Duggan:2011:PPC,
 author = {Duggan, Jennie and Cetintemel, Ugur and Papaemmanouil, Olga and Upfal, Eli},
 title = {{Performance Prediction for Concurrent Database Workloads}},
 booktitle = {Proceedings of the 2011 ACM SIGMOD International Conference on Management of Data},
 series = {SIGMOD '11},
 year = {2011},
 pages = {337--348},
 publisher = {ACM},
} 

@inproceedings{Ahmad:2011,
 author = {Ahmad, Mumtaz and Duan, Songyun and Aboulnaga, Ashraf and Babu, Shivnath},
 title = {{Predicting Completion Times of Batch Query Workloads Using Interaction-aware Models and Simulation}},
 booktitle = {Proceedings of the 14th International Conference on Extending Database Technology},
 series = {EDBT/ICDT '11},
 year = {2011},
 pages = {449--460},
 publisher = {ACM},
} 

@inproceedings{Hacigumus:2013,
 author = {Hacigumus, Hakan and Chi, Yun and Wu, Wentao and Zhu, Shenghuo and Tatemura, Junichi and Naughton, Jeffrey F.},
 title = {{Predicting Query Execution Time: Are Optimizer Cost Models Really Unusable?}},
 booktitle = {Proceedings of the 2013 IEEE International Conference on Data Engineering (ICDE 2013)},
 series = {ICDE '13},
 year = {2013},
 pages = {1081--1092},
 publisher = {IEEE Computer Society},
} 

@article{Li:2012,
 author = {Li, Jiexing and K\"{o}nig, Arnd Christian and Narasayya, Vivek and Chaudhuri, Surajit},
 title = {{Robust Estimation of Resource Consumption for SQL Queries Using Statistical Techniques}},
 journal = {Proc. VLDB Endow.},
 volume = {5},
 number = {11},
 month = jul,
 year = {2012},
 pages = {1555--1566},
 publisher = {VLDB Endowment},
} 

@inproceedings{Ganapathi:2009,
 author = {Ganapathi, Archana and Kuno, Harumi and Dayal, Umeshwar and Wiener, Janet L. and Fox, Armando and Jordan, Michael and Patterson, David},
 title = {{Predicting Multiple Metrics for Queries: Better Decisions Enabled by Machine Learning}},
 booktitle = {Proceedings of the 2009 IEEE International Conference on Data Engineering},
 series = {ICDE '09},
 year = {2009},
 pages = {592--603},
 publisher = {IEEE Computer Society},
} 

@inproceedings{Akdere:2012,
 author = {Akdere, Mert and \c{C}etintemel, Ugur and Riondato, Matteo and Upfal, Eli and Zdonik, Stanley B.},
 title = {{Learning-based Query Performance Modeling and Prediction}},
 booktitle = {Proceedings of the 2012 IEEE 28th International Conference on Data Engineering},
 series = {ICDE '12},
 year = {2012},
 pages = {390--401},
 publisher = {IEEE Computer Society},
} 

@inproceedings{Krompass:2009,
 author = {Krompass, Stefan and Kuno, Harumi and Wiener, Janet L. and Wilkinson, Kevin and Dayal, Umeshwar and Kemper, Alfons},
 title = {{Managing Long-running Queries}},
 booktitle = {Proceedings of the 12th International Conference on Extending Database Technology: Advances in Database Technology},
 series = {EDBT '09},
 year = {2009},
 pages = {132--143},
 publisher = {ACM},
} 

@inproceedings{Luo:2006,
 author = {Luo, Gang and Naughton, Jeffrey F. and Yu, Philip S.},
 title = {{Multi-query SQL Progress Indicators}},
 booktitle = {Proceedings of the 10th International Conference on Advances in Database Technology},
 series = {EDBT'06},
 year = {2006},
 pages = {921--941},
 publisher = {Springer-Verlag},
} 

@inproceedings{Morton:2010,
 author = {Morton, Kristi and Balazinska, Magdalena and Grossman, Dan},
 title = {{ParaTimer: A Progress Indicator for MapReduce DAGs}},
 booktitle = {Proceedings of the 2010 ACM SIGMOD International Conference on Management of Data},
 series = {SIGMOD '10},
 year = {2010},
 pages = {507--518},
 publisher = {ACM},
} 

@article{Konig:2011,
 author = {K\"{o}nig, Arnd Christian and Ding, Bolin and Chaudhuri, Surajit and Narasayya, Vivek},
 title = {{A Statistical Approach Towards Robust Progress Estimation}},
 journal = {Proc. VLDB Endow.},
 volume = {5},
 number = {4},
 month = dec,
 year = {2011},
 pages = {382--393},
 publisher = {VLDB Endowment},
} 

@inproceedings{Li:2012,
 author = {Li, Jiexing and Nehme, Rimma V. and Naughton, Jeffrey},
 title = {{GSLPI: A Cost-Based Query Progress Indicator}},
 booktitle = {Proceedings of the 2012 IEEE 28th International Conference on Data Engineering},
 series = {ICDE '12},
 year = {2012},
 pages = {678--689},
 publisher = {IEEE Computer Society},
} 

@article{Ahmad:2011,
 author = {Ahmad, Mumtaz and Aboulnaga, Ashraf and Babu, Shivnath and Munagala, Kamesh},
 title = {{Interaction-aware Scheduling of Report-generation Workloads}},
 journal = {The VLDB Journal},
 issue_date = {August    2011},
 volume = {20},
 number = {4},
 year = {2011},
 pages = {589--615},
 publisher = {Springer-Verlag New York, Inc.},
} 

@inproceedings{Gupta:2009:FEE,
 author = {Gupta, Chetan and Mehta, Abhay and Wang, Song and Dayal, Umesh},
 title = {{Fair, Effective, Efficient and Differentiated Scheduling in an Enterprise Data Warehouse}},
 booktitle = {Proceedings of the 12th International Conference on Extending Database Technology: Advances in Database Technology},
 series = {EDBT '09},
 year = {2009},
 pages = {696--707},
 publisher = {ACM},
} 

@inproceedings{Chaudhuri:2007,
 author = {Chaudhuri, Surajit and Narasayya, Vivek},
 title = {{Self-tuning Database Systems: A Decade of Progress}},
 booktitle = {Proceedings of the 33rd International Conference on Very Large Data Bases},
 series = {VLDB '07},
 year = {2007},
 pages = {3--14},
 publisher = {VLDB Endowment},
} 

@article{Chen:2012,
 author = {Chen, Yanpei and Alspaugh, Sara and Katz, Randy},
 title = {{Interactive Analytical Processing in Big Data Systems: A Cross-industry Study of MapReduce Workloads}},
 journal = {Proc. VLDB Endow.},
 issue_date = {August 2012},
 volume = {5},
 number = {12},
 month = aug,
 year = {2012},
 pages = {1802--1813},
 publisher = {VLDB Endowment},
} 

@inproceedings{Agarwal:2013,
 author = {Agarwal, Sameer and Mozafari, Barzan and Panda, Aurojit and Milner, Henry and Madden, Samuel and Stoica, Ion},
 title = {{BlinkDB: Queries with Bounded Errors and Bounded Response Times on Very Large Data}},
 booktitle = {Proceedings of the 8th ACM European Conference on Computer Systems},
 series = {EuroSys '13},
 year = {2013},
 pages = {29--42},
 publisher = {ACM},
} 

@inproceedings{Agarwal:2014,
 author = {Agarwal, Sameer and Milner, Henry and Kleiner, Ariel and Talwalkar, Ameet and Jordan, Michael and Madden, Samuel and Mozafari, Barzan and Stoica, Ion},
 title = {{Knowing when You'Re Wrong: Building Fast and Reliable Approximate Query Processing Systems}},
 booktitle = {Proceedings of the 2014 ACM SIGMOD International Conference on Management of Data},
 series = {SIGMOD '14},
 year = {2014},
 pages = {481--492},
 publisher = {ACM},
} 

@inproceedings{Vavilapalli:2013,
 author = {Vavilapalli, Vinod Kumar and Murthy, Arun C. and Douglas, Chris and Agarwal, Sharad and Konar, Mahadev and Evans, Robert and Graves, Thomas and Lowe, Jason and Shah, Hitesh and Seth, Siddharth and Saha, Bikas and Curino, Carlo and O'Malley, Owen and Radia, Sanjay and Reed, Benjamin and Baldeschwieler, Eric},
 title = {{Apache Hadoop YARN: Yet Another Resource Negotiator}},
 booktitle = {Proceedings of the 4th Annual Symposium on Cloud Computing},
 series = {SOCC '13},
 year = {2013},
 isbn = {978-1-4503-2428-1},
 location = {Santa Clara, California},
 pages = {5:1--5:16},
 articleno = {5},
 numpages = {16},
 url = {http://doi.acm.org/10.1145/2523616.2523633},
 doi = {10.1145/2523616.2523633},
 acmid = {2523633},
 publisher = {ACM},
 address = {New York, NY, USA},
} 

@article{Melnik:2011,
 author = {Melnik, Sergey and Gubarev, Andrey and Long, Jing Jing and Romer, Geoffrey and Shivakumar, Shiva and Tolton, Matt and Vassilakis, Theo},
 title = {{Dremel: Interactive Analysis of Web-scale Datasets}},
 journal = {Commun. ACM},
 issue_date = {June 2011},
 volume = {54},
 number = {6},
 month = jun,
 year = {2011},
 pages = {114--123},
 publisher = {ACM},
} 

@inproceedings{Graefe:1990,
 author = {Graefe, Goetz},
 title = {{Encapsulation of Parallelism in the Volcano Query Processing System}},
 booktitle = {Proceedings of the 1990 ACM SIGMOD International Conference on Management of Data},
 series = {SIGMOD '90},
 year = {1990},
 pages = {102--111},
 publisher = {ACM},
} 

@article{Floratou:2014,
 author = {Floratou, Avrilia and Minhas, Umar Farooq and \"{O}zcan, Fatma},
 title = {{SQL-on-Hadoop: Full Circle Back to Shared-nothing Database Architectures}},
 journal = {Proc. VLDB Endow.},
 issue_date = {August 2014},
 volume = {7},
 number = {12},
 month = aug,
 year = {2014},
 pages = {1295--1306},
 publisher = {VLDB Endowment},
} 

@inproceedings{Chung:2010,
 author = {Chung, Eric S. and Milder, Peter A. and Hoe, James C. and Mai, Ken},
 title = {{Single-Chip Heterogeneous Computing: Does the Future Include Custom Logic, FPGAs, and GPGPUs?}},
 booktitle = {Proceedings of the 2010 43rd Annual IEEE/ACM International Symposium on Microarchitecture},
 series = {MICRO '43},
 year = {2010},
 pages = {225--236},
 publisher = {IEEE Computer Society},
} 

@inproceedings{Huang:2009,
 author = {Huang, S. and Xiao, S. and Feng, W.},
 title = {{On the Energy Efficiency of Graphics Processing Units for Scientific Computing}},
 booktitle = {Proceedings of the 2009 IEEE International Symposium on Parallel \& Distributed Processing},
 series = {IPDPS '09},
 year = {2009},
 pages = {1--8},
 publisher = {IEEE Computer Society},
} 

@inproceedings{Chalamalasetti:2012,
 author = {Chalamalasetti, SaiRahul and Margala, Martin and Vanderbauwhede, Wim and Wright, Mitch and Ranganathan, Parthasarathy},
 title = {{Evaluating FPGA-acceleration for Real-time Unstructured Search}},
 booktitle = {Proceedings of the 2012 IEEE International Symposium on Performance Analysis of Systems \& Software},
 series = {ISPASS '12},
 year = {2012},
 pages = {200--209},
 publisher = {IEEE Computer Society},
} 

@inproceedings{Gan:2013,
 author = {Lin Gan and Haohuan Fu and Luk, W. and Chao Yang and  Wei Xue and Xiaomeng Huang and Youhui Zhang and Guangwen Yang},
 title = {{Accelerating solvers for global atmospheric equations through mixed-precision data flow engine}},
 booktitle = {Proceedings of the 2013 23rd International Conference on Field Programmable Logic and Applications (FPL)},
 series = {FPL '13},
 year = {2013},
 pages = {1--6},
 publisher = {IEEE Computer Society},
} 

@inproceedings{Segal:2014,
 author = {Segal, O. and Margala, M. and Chalamalasetti, S.R. and Wright, M.},
 title = {{High level programming framework for FPGAs in the data center}},
 booktitle = {Proceedings of the 2014 24th International Conference on Field Programmable Logic and Applications (FPL)},
 series = {FPL '14},
 year = {2014},
 pages = {1--4},
 publisher = {IEEE Computer Society},
} 

@article{SegalMCW14,
  author    = {Oren Segal and  Martin Margala and  Sai Rahul Chalamalasetti and Mitch Wright},
  title     = {{High Level Programming for Heterogeneous Architectures}},
  journal   = {CoRR},
  volume    = {abs/1408.4964},
  year      = {2014},
}

@inproceedings{He:2008,
 author = {He, Bingsheng and Fang, Wenbin and Luo, Qiong and Govindaraju, Naga K. and Wang, Tuyong},
 title = {{Mars: A MapReduce Framework on Graphics Processors}},
 booktitle = {Proceedings of the 17th International Conference on Parallel Architectures and Compilation Techniques},
 series = {PACT '08},
 year = {2008},
 pages = {260--269},
 publisher = {ACM},
} 

@article{Basaran:2013,
 author = {Basaran, Can and Kang, Kyoung-Don},
 title = {{Grex: An Efficient MapReduce Framework for Graphics Processing Units}},
 journal = {J. Parallel Distrib. Comput.},
 issue_date = {April, 2013},
 volume = {73},
 number = {4},
 month = apr,
 year = {2013},
 pages = {522--533},
 publisher = {Academic Press, Inc.},
} 


@book{McConnell:1993,
 author = {McConnell, Steve},
 title = {{Code Complete: A Practical Handbook of Software Construction}},
 year = {1993},
 publisher = {Microsoft Press},
} 

@inproceedings{Shalf:2010,
 author = {Shalf, John and Dosanjh, Sudip and Morrison, John},
 title = {{Exascale Computing Technology Challenges}},
 booktitle = {Proceedings of the 9th International Conference on High Performance Computing for Computational Science},
 series = {VECPAR'10},
 year = {2011},
 pages = {1--25},
 publisher = {Springer-Verlag},
} 

@article{Dongarra:2011,
 author = {Dongarra, Jack and et. al},
 title = {{The International Exascale Software Project Roadmap}},
 journal = {Int. J. High Perform. Comput. Appl.},
 issue_date = {February  2011},
 volume = {25},
 number = {1},
 month = feb,
 year = {2011},
 pages = {3--60},
 publisher = {Sage Publications, Inc.},
} 

@inproceedings{Zaharia:2010,
 author = {Zaharia, Matei and Chowdhury, Mosharaf and Franklin, Michael J. and Shenker, Scott and Stoica, Ion},
 title = {{Spark: Cluster Computing with Working Sets}},
 booktitle = {Proceedings of the 2Nd USENIX Conference on Hot Topics in Cloud Computing},
 series = {HotCloud'10},
 year = {2010},
 pages = {10--10},
 publisher = {USENIX Association},
} 

@inproceedings{Xin:2013,
 author = {Xin, Reynold S. and Rosen, Josh and Zaharia, Matei and Franklin, Michael J. and Shenker, Scott and Stoica, Ion},
 title = {{Shark: SQL and Rich Analytics at Scale}},
 booktitle = {Proceedings of the 2013 ACM SIGMOD International Conference on Management of Data},
 series = {SIGMOD '13},
 year = {2013},
 pages = {13--24},
 publisher = {ACM},
} 


@misc{SparkCL:2015, 
title = {{Spark for Unconventional Cores (SparkCL)}},
month = April,
year = {2015},
url = {https://gitlab.com/mora/spark-ucores}
}

@misc{AparapiUCores:2015, 
title = {{Aparapi for Unconventional Cores.}},
month = Feb,
year = {2015},
url = {https://gitlab.com/mora/aparapi-ucores}
}

@misc{AparapiAPI:2012, 
title = {{Aparapi API for data parallel Java}},
month = Feb,
year = {2012},
url = {https://code.google.com/p/aparapi/}
}

@misc{JavaCL:2011, 
title = {{JavaCL}},
month = Aug,
year = {2011},
url = {https://code.google.com/p/javacl/}
}

@misc{RubyOpenCL:2009, 
title = {{Ruby-OpenCL: A Ruby binding of OpenCL}},
month = Oct,
year = {2009},
url = {http://ruby-opencl.rubyforge.org}
}

@misc{hadoop:2014, 
title = {{Apache Hadoop}},
month = July,
year = {2014},
url = {http://hadoop.apache.org}
}

@misc{green500:2014, 
title = {{The Green500 List - November 2014}},
month = Nov,
year = {2014},
url = {http://www.green500.org/news/green500-list-november-2014}
}

@misc{tiode:2015, 
title = {{TIOBE Software}},
month = March,
year = {2015},
url = {http://www.tiobe.com}
}

@misc{opencl:2011, 
author={Khronos OpenCL Working Group},
title = {{OpenCL-The open standard for parallel programming of heterogeneous systems}},
year = {2011},
url = {http://www. khronos. org/opencl}
}

@article{John:2014,
author={John Canny},
title={{Interactive Machine Learning}},
journal = {University of California, Berkeley},
year={2014},
}












