@inproceedings{Shvachko:2010,
	 author = {Shvachko, Konstantin and Kuang, Hairong and Radia, Sanjay and Chansler, Robert},
	 title = {The Hadoop Distributed File System},
	 booktitle = {Proceedings of the 2010 IEEE 26th Symposium on Mass Storage Systems and Technologies (MSST)},
	 series = {MSST '10},
	 year = {2010},
	 isbn = {978-1-4244-7152-2},
	 pages = {1--10},
	 numpages = {10},
	 url = {http://dx.doi.org/10.1109/MSST.2010.5496972},
	 doi = {10.1109/MSST.2010.5496972},
	 acmid = {1914427},
	 publisher = {IEEE Computer Society},
	 address = {Washington, DC, USA},
} 

@book{zsu:2011,
 	author = {zsu, M. Tamer and Valduriez, Patrick},
 	title = {Principles of Distributed Database Systems},
 	year = {2011},
 	isbn = {1441988335, 9781441988331},
 	edition = {3rd},
 	publisher = {Springer Publishing Company, Incorporated},
} 

@ARTICLE{bowman:reasoning,
	AUTHOR = "Mic Bowman and Saumya K. Debray and Larry L. Peterson",
	TITLE = "Reasoning About Naming Systems",
	JOURNAL = "ACM Trans. Program. Lang. Syst.",
	VOLUME = {15},
	NUMBER = {5},
	PAGES = {795-825},
	MONTH = "November",
	YEAR = {1993}	}

@ARTICLE{braams:babel,
	AUTHOR = "Johannes Braams",
	TITLE = "Babel, a Multilingual Style-Option System for Use with LaTeX's Standard Document Styles",
	JOURNAL = {TUGboat},
	VOLUME = {12},
	NUMBER = {2},
	PAGES = {291-301},
	MONTH = "June",
	YEAR = {1991}	}

@INPROCEEDINGS{clark:pct,
	AUTHOR = "Malcolm Clark",
	TITLE = "Post Congress Tristesse",
	BOOKTITLE = "TeX90 Conference Proceedings",
	PAGES = "84-89",
	ORGANIZATION = "TeX Users Group",
	MONTH = "March", 
	YEAR = {1991}	}

@ARTICLE{herlihy:methodology,
	AUTHOR = "Maurice Herlihy",
	TITLE = "A Methodology for Implementing Highly Concurrent
	Data Objects",
	JOURNAL = {ACM Trans. Program. Lang. Syst.},
	VOLUME = {15},
	NUMBER = {5},
	PAGES = {745-770},
	MONTH = "November",
	YEAR = {1993}	}

@BOOK{Reeves:DW,
	AUTHOR = "Laura L. Reeves",
	TITLE = "A Managerâ€™s Guide to Data Warehousing",
	PUBLISHER = "Wiley Publishing, Inc.",
	ADDRESS = "Crosspoint Boulevard",
	YEAR = "2009"	}

@BOOK{Thomas:DW,
	AUTHOR = "THOMAS M. CONNOLLY and CAROLYN E. BEGG",
	TITLE = "Database Systems, A Practical Approach to Design, Implementation, and Management, Fourth Edition",
	PUBLISHER = "Pearson Education Limited",
	ADDRESS = "Edinburgh Gate",
	YEAR = "2005"}
	
@BOOK{Lamport:LaTeX,
	AUTHOR = "Leslie Lamport",
	TITLE = "LaTeX User's Guide and Document Reference Manual",
	PUBLISHER = "Addison-Wesley Publishing Company",
	ADDRESS = "Reading, Massachusetts",
	YEAR = "1986"	}

@BOOK{salas:calculus,
	AUTHOR = "S.L. Salas and Einar Hille",
	TITLE = "Calculus: One and Several Variable",
	PUBLISHER = "John Wiley and Sons",
	ADDRESS = "New York",
	YEAR = "1978"	}





