@article{Lucent2011,
author={Alcatel Lucent},
title={{Shaing the Future of Multiscreen Video}},
journal = {Alcatel Lucent Strategic White Paper},
year={2011},
}

@article{Aarts:2004,
 author = {Aarts, Emile},
 title = {{Ambient Intelligence: A Multimedia Perspective}},
 journal = {IEEE MultiMedia},
 issue_date = {January 2004},
 volume = {11},
 number = {1},
 month = jan,
 year = {2004},
 issn = {1070-986X},
 pages = {12--19},
 numpages = {8},
 url = {http://dx.doi.org/10.1109/MMUL.2004.1261101},
 doi = {10.1109/MMUL.2004.1261101},
 acmid = {1436760},
 publisher = {IEEE Computer Society Press},
 address = {Los Alamitos, CA, USA},
} 

@article{Sadri:2011,
 author = {Sadri, Fariba},
 title = {{Ambient Intelligence: A Survey}},
 journal = {ACM Comput. Surv.},
 issue_date = {October 2011},
 volume = {43},
 number = {4},
 month = oct,
 year = {2011},
 issn = {0360-0300},
 pages = {36:1--36:66},
 articleno = {36},
 numpages = {66},
 url = {http://doi.acm.org/10.1145/1978802.1978815},
 doi = {10.1145/1978802.1978815},
 acmid = {1978815},
 publisher = {ACM},
 address = {New York, NY, USA},
 keywords = {Ambient intelligence, agents, assisted living, multiagent systems, social and ethical issues},
} 

@inproceedings{Nandakumar:2014,
 author = {Nandakumar, Abhishek and Murray, Janet},
 title = {{Companion Apps for Long Arc TV Series: Supporting New Viewers in Complex Storyworlds with Tightly Synchronized Context-sensitive Annotations}},
 booktitle = {Proceedings of the 2014 ACM International Conference on Interactive Experiences for TV and Online Video},
 series = {TVX '14},
 year = {2014},
 isbn = {978-1-4503-2838-8},
 location = {Newcastle Upon Tyne, United Kingdom},
 pages = {3--10},
 numpages = {8},
 url = {http://doi.acm.org/10.1145/2602299.2602317},
 doi = {10.1145/2602299.2602317},
 acmid = {2602317},
 publisher = {ACM},
 address = {New York, NY, USA},
 keywords = {agency, interactive television, narrative, second screen companion design},
} 

@inproceedings{Anstead:2014,
 author = {Anstead, Edward and Benford, Steve and Houghton, Robert J.},
 title = {{Many-screen Viewing: Evaluating an Olympics Companion Application}},
 booktitle = {Proceedings of the 2014 ACM International Conference on Interactive Experiences for TV and Online Video},
 series = {TVX '14},
 year = {2014},
 isbn = {978-1-4503-2838-8},
 location = {Newcastle Upon Tyne, United Kingdom},
 pages = {103--110},
 numpages = {8},
 url = {http://doi.acm.org/10.1145/2602299.2602304},
 doi = {10.1145/2602299.2602304},
 acmid = {2602304},
 publisher = {ACM},
 address = {New York, NY, USA},
 keywords = {itv, multiscreen, second screen, user experience},
} 

@inproceedings{Longo:2013,
 author = {Longo, Salvatore and Kovacs, Ern\"{o} and Franke, J\"{o}rn and Martin, Miquel},
 title = {{Enriching Shopping Experiences with Pervasive Displays and Smart Things}},
 booktitle = {Proceedings of the 2013 ACM Conference on Pervasive and Ubiquitous Computing Adjunct Publication},
 series = {UbiComp '13 Adjunct},
 year = {2013},
 isbn = {978-1-4503-2215-7},
 location = {Zurich, Switzerland},
 pages = {991--998},
 numpages = {8},
 url = {http://doi.acm.org/10.1145/2494091.2496013},
 doi = {10.1145/2494091.2496013},
 acmid = {2496013},
 publisher = {ACM},
 address = {New York, NY, USA},
 keywords = {internet-of-things, online-2-offline, pervasive display networks, pervasive retail},
} 

@inproceedings{Motti:2013,
 author = {Motti, Vivian Genaro and Raggett, Dave},
 title = {{Quill: A Collaborative Design Assistant for Cross Platform Web Application User Interfaces}},
 booktitle = {Proceedings of the 22nd International Conference on World Wide Web Companion},
 series = {WWW '13 Companion},
 year = {2013},
 isbn = {978-1-4503-2038-2},
 location = {Rio de Janeiro, Brazil},
 pages = {3--6},
 numpages = {4},
 url = {http://dl.acm.org/citation.cfm?id=2487788.2487791},
 acmid = {2487791},
 publisher = {International World Wide Web Conferences Steering Committee},
 address = {Republic and Canton of Geneva, Switzerland},
 keywords = {collaborative assistant, model-based user interface design},
} 

@inproceedings{DBLP:SchmohlB08,
  author    = {Robert Schmohl and
               Uwe Baumgarten},
  title     = {{Heterogeneity in Mobile Computing Environmens}},
  booktitle = {ICWN},
  year      = {2008},
  pages     = {461-467},
  crossref  = {DBLP:conf/icwn/2008},
  bibsource = {DBLP, http://dblp.uni-trier.de}
}

@inproceedings{DBLP:FuentesPCM06,
  author    = {Virginia Fuentes and
               Nayat S{\'a}nchez Pi and
               Javier Carb{\'o} and
               Jos{\'e} Manuel Molina},
  title     = {{Reputation in User Profiling for a Context-aware MultiAgent
               System}},
  booktitle = {EUMAS},
  year      = {2006},
  ee        = {http://ceur-ws.org/Vol-223/18.pdf},
  crossref  = {DBLP:conf/eumas/2006},
  bibsource = {DBLP, http://dblp.uni-trier.de}
}

@electronic{samsung:2014,
          title         = {{Samsung MultiScreen SDK, http://multiscreen.samsung.com/}},
          url           = {http://multiscreen.samsung.com/},
          year        = {2014}
 }

@article{Barkhuus:2009,
 author = {Barkhuus, Louise and Brown, Barry},
 title = {{Unpacking the Television: User Practices Around a Changing Technology}},
 journal = {ACM Trans. Comput.-Hum. Interact.},
 issue_date = {September 2009},
 volume = {16},
 number = {3},
 month = sep,
 year = {2009},
 issn = {1073-0516},
 pages = {15:1--15:22},
 articleno = {15},
 numpages = {22},
 url = {http://doi.acm.org.libproxy.etri.re.kr:8000/10.1145/1592440.1592444},
 doi = {10.1145/1592440.1592444},
 acmid = {1592444},
 publisher = {ACM},
 address = {New York, NY, USA},
 keywords = {Domestic technologies, downloading, ethnography, file sharing, television},
} 

@inproceedings{Ma:2008,
 author = {Ma, Dianfu and Liu, Min and Zhao, Yongwang and Hu, Chunyang},
 title = {{SSCM: Middleware for Structure-based Service Collaboration}},
 booktitle = {Proceedings of the 2008 ACM Symposium on Applied Computing},
 series = {SAC '08},
 year = {2008},
 isbn = {978-1-59593-753-7},
 location = {Fortaleza, Ceara, Brazil},
 pages = {2224--2225},
 numpages = {2},
 url = {http://doi.acm.org.libproxy.etri.re.kr:8000/10.1145/1363686.1364216},
 doi = {10.1145/1363686.1364216},
 acmid = {1364216},
 publisher = {ACM},
 address = {New York, NY, USA},
 keywords = {decentralization, service collaboration, structure maintenance},
} 

@incollection{MKrug2014,
year={2014},
isbn={978-3-319-08244-8},
booktitle={Web Engineering},
volume={8541},
series={Lecture Notes in Computer Science},
editor={Casteleyn, Sven and Rossi, Gustavo and Winckler, Marco},
doi={10.1007/978-3-319-08245-5_14},
title={{SmartComposition: A Component-Based Approach for Creating Multi-screen Mashups}},
url={http://dx.doi.org/10.1007/978-3-319-08245-5_14},
publisher={Springer International Publishing},
keywords={Mobile; distributed user interface; distributed displays; multi-screen applications; web applications; mashup; widgets},
author={Krug, Michael and Wiedemann, Fabian and Gaedke, Martin},
pages={236-253},
language={English}
}

@article{ehsan2013,
 author = {Ehsan Ullah Warriach, Eirini Kaldeli, Alexander Lazovik, Marco Aiello},
 title = {{An Interplatform Service-Oriented Middleware for the Smart Home}},
 journal = {International Journal of Smart Home},
 issue_date = {January 2013},
 volume = {7},
 number = {1},
 month = jan,
 year = {2013},
 pages = {115--142},
} 

@inproceedings{Honda:2008,
 author = {Honda, Kohei and Yoshida, Nobuko and Carbone, Marco},
 title = {{Multiparty Asynchronous Session Types}},
 booktitle = {Proceedings of the 35th Annual ACM SIGPLAN-SIGACT Symposium on Principles of Programming Languages},
 series = {POPL '08},
 year = {2008},
 isbn = {978-1-59593-689-9},
 location = {San Francisco, California, USA},
 pages = {273--284},
 numpages = {12},
 url = {http://doi.acm.org/10.1145/1328438.1328472},
 doi = {10.1145/1328438.1328472},
 acmid = {1328472},
 publisher = {ACM},
 address = {New York, NY, USA},
 keywords = {causality, choreography, communications, mobile processes, multiparty, session types, structured programming},
} 

@inproceedings{Lanese:2007,
 author = {Lanese, Ivan and Martins, Francisco and Vasconcelos, Vasco T. and Ravara, Antonio},
 title = {{Disciplining Orchestration and Conversation in Service-Oriented Computing}},
 booktitle = {Proceedings of the Fifth IEEE International Conference on Software Engineering and Formal Methods},
 series = {SEFM '07},
 year = {2007},
 isbn = {0-7695-2884-8},
 pages = {305--314},
 numpages = {10},
 url = {http://dx.doi.org/10.1109/SEFM.2007.13},
 doi = {10.1109/SEFM.2007.13},
 acmid = {1307407},
 publisher = {IEEE Computer Society},
 address = {Washington, DC, USA},
} 

@inproceedings{Lapadula:2007,
 author = {Lapadula, Alessandro and Pugliese, Rosario and Tiezzi, Francesco},
 title = {{A Calculus for Orchestration of Web Services}},
 booktitle = {Proceedings of the 16th European Conference on Programming},
 series = {ESOP'07},
 year = {2007},
 isbn = {978-3-540-71314-2},
 location = {Braga, Portugal},
 pages = {33--47},
 numpages = {15},
 url = {http://dl.acm.org/citation.cfm?id=1762174.1762180},
 acmid = {1762180},
 publisher = {Springer-Verlag},
 address = {Berlin, Heidelberg},
} 

@inproceedings{Vieira:2008,
 author = {Vieira, Hugo T. and Caires, Lu\'{\i}s and Seco, Jo\~{a}o C.},
 title = {{The Conversation Calculus: A Model of Service-oriented Computation}},
 booktitle = {Proceedings of the Theory and Practice of Software, 17th European Conference on Programming Languages and Systems},
 series = {ESOP'08/ETAPS'08},
 year = {2008},
 isbn = {3-540-78738-0, 978-3-540-78738-9},
 location = {Budapest, Hungary},
 pages = {269--283},
 numpages = {15},
 url = {http://dl.acm.org/citation.cfm?id=1792878.1792906},
 acmid = {1792906},
 publisher = {Springer-Verlag},
 address = {Berlin, Heidelberg},
} 

@article{Yoshida:2007,
 author = {Yoshida, Nobuko and Vasconcelos, Vasco T.},
 title = {{Language Primitives and Type Discipline for Structured Communication-Based Programming Revisited: Two Systems for Higher-Order Session Communication}},
 journal = {Electron. Notes Theor. Comput. Sci.},
 issue_date = {July, 2007},
 volume = {171},
 number = {4},
 month = jul,
 year = {2007},
 issn = {1571-0661},
 pages = {73--93},
 numpages = {21},
 url = {http://dx.doi.org/10.1016/j.entcs.2007.02.056},
 doi = {10.1016/j.entcs.2007.02.056},
 acmid = {1274279},
 publisher = {Elsevier Science Publishers B. V.},
 address = {Amsterdam, The Netherlands, The Netherlands},
 keywords = {Pi-Calculus, Protocol Analysis, Rewriting System, Session Types, Subject Reduction Theorem, Type Safety},
} 











