@article{Aarts:2004:AIM:1435660.1436760,
 author = {Aarts, Emile},
 title = {Ambient Intelligence: A Multimedia Perspective},
 journal = {IEEE MultiMedia},
 issue_date = {January 2004},
 volume = {11},
 number = {1},
 month = jan,
 year = {2004},
 issn = {1070-986X},
 pages = {12--19},
 numpages = {8},
 url = {http://dx.doi.org/10.1109/MMUL.2004.1261101},
 doi = {10.1109/MMUL.2004.1261101},
 acmid = {1436760},
 publisher = {IEEE Computer Society Press},
 address = {Los Alamitos, CA, USA},
} 

@article{Sadri:2011:AIS:1978802.1978815,
 author = {Sadri, Fariba},
 title = {Ambient Intelligence: A Survey},
 journal = {ACM Comput. Surv.},
 issue_date = {October 2011},
 volume = {43},
 number = {4},
 month = oct,
 year = {2011},
 issn = {0360-0300},
 pages = {36:1--36:66},
 articleno = {36},
 numpages = {66},
 url = {http://doi.acm.org/10.1145/1978802.1978815},
 doi = {10.1145/1978802.1978815},
 acmid = {1978815},
 publisher = {ACM},
 address = {New York, NY, USA},
 keywords = {Ambient intelligence, agents, assisted living, multiagent systems, social and ethical issues},
} 

@inproceedings{Nandakumar:2014:CAL:2602299.2602317,
 author = {Nandakumar, Abhishek and Murray, Janet},
 title = {Companion Apps for Long Arc TV Series: Supporting New Viewers in Complex Storyworlds with Tightly Synchronized Context-sensitive Annotations},
 booktitle = {Proceedings of the 2014 ACM International Conference on Interactive Experiences for TV and Online Video},
 series = {TVX '14},
 year = {2014},
 isbn = {978-1-4503-2838-8},
 location = {Newcastle Upon Tyne, United Kingdom},
 pages = {3--10},
 numpages = {8},
 url = {http://doi.acm.org/10.1145/2602299.2602317},
 doi = {10.1145/2602299.2602317},
 acmid = {2602317},
 publisher = {ACM},
 address = {New York, NY, USA},
 keywords = {agency, interactive television, narrative, second screen companion design},
} 

@inproceedings{Anstead:2014:MVE:2602299.2602304,
 author = {Anstead, Edward and Benford, Steve and Houghton, Robert J.},
 title = {Many-screen Viewing: Evaluating an Olympics Companion Application},
 booktitle = {Proceedings of the 2014 ACM International Conference on Interactive Experiences for TV and Online Video},
 series = {TVX '14},
 year = {2014},
 isbn = {978-1-4503-2838-8},
 location = {Newcastle Upon Tyne, United Kingdom},
 pages = {103--110},
 numpages = {8},
 url = {http://doi.acm.org/10.1145/2602299.2602304},
 doi = {10.1145/2602299.2602304},
 acmid = {2602304},
 publisher = {ACM},
 address = {New York, NY, USA},
 keywords = {itv, multiscreen, second screen, user experience},
} 

@inproceedings{Longo:2013:ESE:2494091.2496013,
 author = {Longo, Salvatore and Kovacs, Ern\"{o} and Franke, J\"{o}rn and Martin, Miquel},
 title = {Enriching Shopping Experiences with Pervasive Displays and Smart Things},
 booktitle = {Proceedings of the 2013 ACM Conference on Pervasive and Ubiquitous Computing Adjunct Publication},
 series = {UbiComp '13 Adjunct},
 year = {2013},
 isbn = {978-1-4503-2215-7},
 location = {Zurich, Switzerland},
 pages = {991--998},
 numpages = {8},
 url = {http://doi.acm.org/10.1145/2494091.2496013},
 doi = {10.1145/2494091.2496013},
 acmid = {2496013},
 publisher = {ACM},
 address = {New York, NY, USA},
 keywords = {internet-of-things, online-2-offline, pervasive display networks, pervasive retail},
} 

@inproceedings{Motti:2013:QCD:2487788.2487791,
 author = {Motti, Vivian Genaro and Raggett, Dave},
 title = {Quill: A Collaborative Design Assistant for Cross Platform Web Application User Interfaces},
 booktitle = {Proceedings of the 22Nd International Conference on World Wide Web Companion},
 series = {WWW '13 Companion},
 year = {2013},
 isbn = {978-1-4503-2038-2},
 location = {Rio de Janeiro, Brazil},
 pages = {3--6},
 numpages = {4},
 url = {http://dl.acm.org/citation.cfm?id=2487788.2487791},
 acmid = {2487791},
 publisher = {International World Wide Web Conferences Steering Committee},
 address = {Republic and Canton of Geneva, Switzerland},
 keywords = {collaborative assistant, model-based user interface design},
} 

@inproceedings{DBLP:conf/icwn/SchmohlB08,
  author    = {Robert Schmohl and
               Uwe Baumgarten},
  title     = {Heterogeneity in Mobile Computing Environmens},
  booktitle = {ICWN},
  year      = {2008},
  pages     = {461-467},
  crossref  = {DBLP:conf/icwn/2008},
  bibsource = {DBLP, http://dblp.uni-trier.de}
}

@inproceedings{DBLP:conf/eumas/FuentesPCM06,
  author    = {Virginia Fuentes and
               Nayat S{\'a}nchez Pi and
               Javier Carb{\'o} and
               Jos{\'e} Manuel Molina},
  title     = {Reputation in User Profiling for a Context-aware MultiAgent
               System},
  booktitle = {EUMAS},
  year      = {2006},
  ee        = {http://ceur-ws.org/Vol-223/18.pdf},
  crossref  = {DBLP:conf/eumas/2006},
  bibsource = {DBLP, http://dblp.uni-trier.de}
}

@electronic{samsung:2014,
          title         = {Samsung MultiScreen SDK},
          url           = {http://multiscreen.samsung.com/},
          year        = {2014}
 }

@article{Barkhuus:2009:UTU:1592440.1592444,
 author = {Barkhuus, Louise and Brown, Barry},
 title = {Unpacking the Television: User Practices Around a Changing Technology},
 journal = {ACM Trans. Comput.-Hum. Interact.},
 issue_date = {September 2009},
 volume = {16},
 number = {3},
 month = sep,
 year = {2009},
 issn = {1073-0516},
 pages = {15:1--15:22},
 articleno = {15},
 numpages = {22},
 url = {http://doi.acm.org.libproxy.etri.re.kr:8000/10.1145/1592440.1592444},
 doi = {10.1145/1592440.1592444},
 acmid = {1592444},
 publisher = {ACM},
 address = {New York, NY, USA},
 keywords = {Domestic technologies, downloading, ethnography, file sharing, television},
} 


